@STRING{pub-ISO = {International Organization for Standardization}}

@STRING{pub-ISO:adr = {Geneva, Switzerland}}

@STRING{pub-ISO:author = {International Organization for Standardization}}

@STRING{etsi:author = {European Telecommunications Standards Institute}}

@STRING{jan = {Jänner}}
@STRING{feb = {Februar}}
@STRING{mar = {März}}
@STRING{apr = {April}}
@STRING{may = {Mai}}
@STRING{jun = {Juni}}
@STRING{jul = {Juli}}
@STRING{aug = {August}}
@STRING{sep = {September}}
@STRING{oct = {Oktober}}
@STRING{nov = {November}}
@STRING{dec = {Dezember}}


@INPROCEEDINGS{MQGW12, 
	author={K. {Miller} and E. {Quacchio} and G. {Gennari} and A. {Wolisz}}, 
	booktitle={2012 19th International Packet Video Workshop (PV)}, 
	title={Adaptation algorithm for adaptive streaming over HTTP}, 
	year={2012}, 
	volume={}, 
	number={}, 
	pages={173-178}, 
	keywords={hypermedia;Internet;video signal processing;video streaming;Internet video;Internet traffic;media content;bit-rate;varying network condition;multiple bit rates;network throughput;client buffer;quality fluctuation;receiver-driven adaptation algorithm;cross-layer information;server assistance;streaming client;MPEG DASH;dynamic adaptive streaming;HTTP standard;Throughput;Streaming media;Heuristic algorithms;Delay;Radio frequency;Bandwidth;Switches}, 
	doi={10.1109/PV.2012.6229732}, 
	ISSN={2167-969X}, 
	month={May},}

@article{Same17,
	title={Adaptive bitrate selection: A survey},
	author={Sani, Yusuf and Mauthe, Andreas and Edwards, Christopher},
	journal={IEEE Communications Surveys \& Tutorials},
	volume={19},
	number={4},
	pages={2985--3014},
	year={2017},
	publisher={IEEE}
}

@article{KuAB17,
	title={A survey of rate adaptation techniques for dynamic adaptive streaming over HTTP},
	author={Kua, Jonathan and Armitage, Grenville and Branch, Philip},
	journal={IEEE Communications Surveys \& Tutorials},
	volume={19},
	number={3},
	pages={1842--1866},
	year={2017},
	publisher={IEEE}
}

@inproceedings{PKRH14,
	author = {Posch, Daniel and Kreuzberger, Christian and Rainer, Benjamin and Hellwagner, Hermann},
	title = {Client Starvation: A Shortcoming of Client-driven Adaptive Streaming in Named Data Networking},
	booktitle = {Proceedings of the 1st ACM Conference on Information-Centric Networking},
	series = {ACM-ICN '14},
	year = {2014},
	isbn = {978-1-4503-3206-4},
	location = {Paris, France},
	pages = {183--184},
	numpages = {2},
	url = {http://doi.acm.org/10.1145/2660129.2660162},
	doi = {10.1145/2660129.2660162},
	acmid = {2660162},
	publisher = {ACM},
	address = {New York, NY, USA},
	keywords = {adaptive streaming, information-centric networking},
}

@misc{TODO01,
	ALTauthor = {author},
	ALTeditor = {editor},
	title = {Guidelines for Implementation: DASH-AVC/264 Test cases and Vectors},
	date = {date},
	OPTsubtitle = {subtitle},
	OPTtitleaddon = {titleaddon},
	OPTlanguage = {language},
	OPThowpublished = {howpublished},
	OPTtype = {type},
	OPTversion = {version},
	OPTnote = {note},
	OPTorganization = {organization},
	OPTlocation = {location},
	OPTdate = {date},
	OPTmonth = {month},
	OPTyear = {year},
	OPTaddendum = {addendum},
	OPTpubstate = {pubstate},
	OPTdoi = {doi},
	OPTeprint = {eprint},
	OPTeprintclass = {eprintclass},
	OPTeprinttype = {eprinttype},
	OPTurl = {url},
	OPTurldate = {urldate},
}

@inproceedings{GuBu15,
	author = {Gusev, Peter and Burke, Jeff},
	title = {NDN-RTC: Real-Time Videoconferencing over Named Data Networking},
	booktitle = {Proceedings of the 2Nd ACM Conference on Information-Centric Networking},
	series = {ACM-ICN '15},
	year = {2015},
	isbn = {978-1-4503-3855-4},
	location = {San Francisco, California, USA},
	pages = {117--126},
	numpages = {10},
	url = {http://doi.acm.org/10.1145/2810156.2810176},
	doi = {10.1145/2810156.2810176},
	acmid = {2810176},
	publisher = {ACM},
	address = {New York, NY, USA},
	keywords = {ICN, NDN, RTC, information centric networking, low latency, named data networking, real-time communication, teleconferencing, videoconferencing},
} 

@inproceedings{TMRP15,
	title={Quality of Experience of Adaptive HTTP Streaming in Real-World Environments},
	author={Christian Timmerer and Matteo Maiero and Benjamin Rainer and Stefan Petscharnig and Daniel Weinberger and Christopher Mueller and Stefan Lederer},
	year={2015}
}

@inproceedings{MGAZ18,
	title={Real-Time Data Retrieval in Named Data Networking},
	author={Mastorakis, Spyridon and Gusev, Peter and Afanasyev, Alexander and Zhang, Lixia},
	booktitle={2018 1st IEEE International Conference on Hot Information-Centric Networking (HotICN)},
	pages={61--66},
	year={2018},
	organization={IEEE}
}

@thesis{TODO02,
	author = {author},
	title = {Integration and Performance Evaluation of MPEG-DASH and DRM Systems in an HTML5 Environment},
	type = {type},
	institution = {institution},
	date = {date},
	OPTsubtitle = {subtitle},
	OPTtitleaddon = {titleaddon},
	OPTlanguage = {language},
	OPTnote = {note},
	OPTlocation = {location},
	OPTmonth = {month},
	OPTisbn = {isbn},
	OPTchapter = {chapter},
	OPTpages = {pages},
	OPTpagetotal = {pagetotal},
	OPTaddendum = {addendum},
	OPTpubstate = {pubstate},
	OPTdoi = {doi},
	OPTeprint = {eprint},
	OPTeprintclass = {eprintclass},
	OPTeprinttype = {eprinttype},
	OPTurl = {url},
	OPTurldate = {urldate},
}

@article{TiMR16,
	title={Which adaptation logic? An objective and subjective performance evaluation of http-based adaptive media streaming systems},
	author={Timmerer, Christian and Maiero, Matteo and Rainer, Benjamin},
	journal={arXiv preprint arXiv:1606.00341},
	year={2016}
}

@article{ZEBJ10,
	title={Named data networking (ndn) project},
	author={Zhang, Lixia and Estrin, Deborah and Burke, Jeffrey and Jacobson, Van and Thornton, James D and Smetters, Diana K and Zhang, Beichuan and Tsudik, Gene and Massey, Dan and Papadopoulos, Christos and others},
	journal={Relat{\'o}rio T{\'e}cnico NDN-0001, Xerox Palo Alto Research Center-PARC},
	volume={157},
	pages={158},
	year={2010},
	publisher={Citeseer}
}

@article{ZABJ14,
	title={Named data networking},
	author={Zhang, Lixia and Afanasyev, Alexander and Burke, Jeffrey and Jacobson, Van and Crowley, Patrick and Papadopoulos, Christos and Wang, Lan and Zhang, Beichuan and others},
	journal={ACM SIGCOMM Computer Communication Review},
	volume={44},
	number={3},
	pages={66--73},
	year={2014},
	publisher={ACM}
}

@article{ADIK12,
	title={A survey of information-centric networking},
	author={Ahlgren, Bengt and Dannewitz, Christian and Imbrenda, Claudio and Kutscher, Dirk and Ohlman, Borje},
	journal={IEEE Communications Magazine},
	volume={50},
	number={7},
	pages={26--36},
	year={2012},
	publisher={IEEE}
}

@article{RaPH16,
	title={Investigating the performance of pull-based dynamic adaptive streaming in NDN},
	author={Rainer, Benjamin and Posch, Daniel and Hellwagner, Hermann},
	journal={IEEE Journal on Selected Areas in Communications},
	volume={34},
	number={8},
	pages={2130--2140},
	year={2016},
	publisher={IEEE}
}

@article{RPLT16,
	title={A low-cost NDN testbed on banana pi routers},
	author={Rainer, Benjamin and Posch, Daniel and Leibetseder, Andreas and Theuermann, Sebastian and Hellwagner, Hermann},
	journal={IEEE Communications Magazine},
	volume={54},
	number={9},
	pages={105--111},
	year={2016},
	publisher={IEEE}
}